<record><leader>00000cas a22000007a 4500</leader><controlfield tag="001">13461502</controlfield><controlfield tag="008">860421d18441893pauwr ne      0    0eng d</controlfield><datafield ind1=" " ind2=" " tag="010"><subfield code="a">sn 86081611 </subfield></datafield><datafield ind1=" " ind2=" " tag="040"><subfield code="a">NPH</subfield><subfield code="b">eng</subfield><subfield code="c">NPH</subfield><subfield code="d">MFN</subfield><subfield code="d">OCLCQ</subfield><subfield code="d">DLC</subfield><subfield code="d">OCLCF</subfield></datafield><datafield ind1=" " ind2=" " tag="042"><subfield code="a">msc</subfield></datafield><datafield ind1=" " ind2=" " tag="043"><subfield code="a">n-us-pa</subfield></datafield><datafield ind1="0" ind2="0" tag="050"><subfield code="a">Newspaper</subfield></datafield><datafield ind1="0" ind2="4" tag="245"><subfield code="a">The Hanover spectator.</subfield></datafield><datafield ind1="1" ind2="7" tag="246"><subfield code="a">Spectator</subfield></datafield><datafield ind1="3" ind2="0" tag="246"><subfield code="a">Hanover spectator, and York and Adams' County advertiser</subfield></datafield><datafield ind1=" " ind2=" " tag="260"><subfield code="a">Hanover, Pa. :</subfield><subfield code="b">S. Leader,</subfield><subfield code="c">1844-1893.</subfield></datafield><datafield ind1=" " ind2=" " tag="300"><subfield code="a">v.</subfield></datafield><datafield ind1=" " ind2=" " tag="310"><subfield code="a">Weekly</subfield></datafield><datafield ind1="0" ind2=" " tag="362"><subfield code="a">New ser., v. 1, no. 1 (Oct. 2, 1844)-v. 49, no. 32 (Apr. 27, 1893).</subfield></datafield><datafield ind1=" " ind2=" " tag="500"><subfield code="a">Published as: Hanover spectator, and York and Adams' County advertiser, &lt;Oct. 8, 1852&gt;.</subfield></datafield><datafield ind1=" " ind2="0" tag="651"><subfield code="a">Hanover (York County, Pa.)</subfield><subfield code="v">Newspapers.</subfield></datafield><datafield ind1=" " ind2="7" tag="655"><subfield code="a">Newspapers.</subfield><subfield code="2">fast</subfield><subfield code="0">(OCoLC)fst01423814</subfield></datafield><datafield ind1=" " ind2="7" tag="651"><subfield code="a">Pennsylvania</subfield><subfield code="z">Hanover (York County)</subfield><subfield code="2">fast</subfield><subfield code="0">(OCoLC)fst01313290</subfield></datafield><datafield ind1=" " ind2=" " tag="752"><subfield code="a">United States</subfield><subfield code="b">Pennsylvania</subfield><subfield code="c">York</subfield><subfield code="d">Hanover.</subfield></datafield><datafield ind1="0" ind2="0" tag="780"><subfield code="t">Planet and weekly news</subfield><subfield code="w">(DLC)sn 86081610</subfield><subfield code="w">(OCoLC)13477977</subfield></datafield></record>